2037 2752
87 413 157 464 Dc
202 410 523 463 distributione
566 408 777 460 vcrticali
822 407 1126 473 reliquiarum
1166 407 1497 475 organicaruni
1539 408 1589 460 in
1627 408 1720 460 101·-

260 492 473 553 matione,
519 506 622 557 1111εο
659 491 829 542 (licitur
864 490 1153 542 transitionis
1191 490 1552 542 scandinavicae.

88 662 236 726 Strata
276 693 527 726 formationem
568 691 787 725 transitionis
827 689 1095 724 Seandinavicae
1133 692 1399 736 constituentia,
1439 694 1548 734 prout
1583 688 1721 723 fossilia

90 762 260 805 organica
286 761 470 794 includunt
497 760 606 804 varia,
635 760 667 792 in
696 759 814 792 varias
842 758 947 791 facile
975 761 1120 800 tamque
1149 759 1315 792 diversas
1343 760 1509 803 regiones
1538 759 1596 791 vel
1611 768 1721 791 zonas

89 825 281 859 verticales
315 825 462 869 abeunt,
504 828 542 856 ut
568 834 611 857 110
640 834 709 857 una
737 823 879 865 quidem
907 822 1047 865 species
1076 823 1214 856 duabus
1242 824 1287 856 sit.
1314 823 1517 856 communis.
1571 821 1721 855 Difficile

89 893 207 922 tamen
246 889 343 923 sactu
374 893 436 933 est,
475 889 605 921 seriem
643 886 770 920 harum
807 887 1009 920 continuam
1036 887 1238 929 111511111010·,
1277 898 1450 930 nusquam
1478 887 1569 920 enim
1598 897 1722 920 omnes

88 952 289 996 conjunctae
325 956 533 996 occurrunt,
575 952 640 985 sed
676 952 754 984 aliae
792 952 875 984 alibi
912 952 1106 994 saepissnne
1136 952 1335 995 explicatae,
1377 952 1549 994 varieque
1577 952 1723 994 insuper

87 1018 309 1060 perturbatae
337 1022 521 1060 apparent.
574 1017 611 1050 In
640 1017 851 1060 quibusdam
881 1016 1032 1058 denique
1061 1016 1183 1049 stratis
1212 1026 1280 1048 non
1309 1016 1372 1048 nisi
1401 1026 1590 1059 pcrpaucae
1618 1016 1721 1049 nobis

87 1080 272 1125 hucusque
301 1086 548 1125 apparuerunt
575 1082 735 1124 reliquiae
763 1081 952 1126 organicae,
983 1084 1018 1113 et
1045 1079 1098 1113 hae
1126 1081 1277 1125 quidem,
1307 1081 1404 1123 quod
1431 1081 1562 1114 crebro
1583 1081 1721 1125 accidit,

87 1146 200 1181 minus
228 1147 320 1180 benc
349 1149 585 1190 conservatae,
615 1156 721 1188 quam
750 1150 787 1178 ut
814 1148 984 1179 accurate
1012 1145 1242 1178 determinari
1270 1149 1411 1188 queant.

185 1210 318 1252 Quibus
347 1211 413 1244 rite
442 1211 644 1254 perspectis
672 1220 713 1243 ac
735 1210 932 1254 perpensis,
957 1210 1069 1252 prima
1090 1210 1330 1252 dispositionis
1351 1214 1548 1244 stratorum
1562 1210 1721 1253 ipsorum

86 1275 350 1320 chronologicae
377 1275 592 1308 lineamenta
619 1275 780 1308 nimirum
808 1275 854 1307 1111
882 1275 1076 1317 quaerenda
1105 1285 1186 1308 0550
1215 1275 1387 1320 duximus,
1404 1276 1463 1308 ubi
1486 1275 1638 1308 maxima
1665 1274 1722 1307 di-

86 1350 276 1373 versarum
302 1340 488 1384 regionum
516 1340 549 1372 in
577 1343 745 1383 promptu
774 1339 881 1372 fuerit
908 1350 1003 1384 pars,
1032 1343 1219 1382 strataque
1250 1339 1455 1382 primarium
1483 1350 1584 1373 suum
1613 1343 1721 1382 atque

86 1403 346 1437 horizontalem
386 1405 612 1437 servaverint
649 1404 763 1436 situm.
825 1404 912 1437 Cum
946 1402 1021 1446 jam
1059 1404 1235 1437 certiores
1274 1403 1359 1437 facti
1393 1404 1512 1449 simus,
1542 1404 1721 1447 quomodo

86 1478 153 1511 per
191 1468 257 1502 has
298 1469 366 1502 situ
408 1470 485 1512 ipso
526 1469 703 1502 stabilitas
745 1468 927 1512 regiones,
981 1468 1142 1511 reliquia¹
1183 1469 1361 1512 organica»
1401 1468 1597 1501 distributae
1637 1468 1722 1512 sint,

86 1537 169 1566 111110
212 1533 361 1576 primum
397 1545 415 1566 0
450 1534 647 1567 rationibus
689 1543 787 1566 111010
815 1533 1120 1578 palaeontologicis
1155 1533 1262 1577 talos,
1308 1533 1462 1576 qualium
1497 1532 1721 1566 stratificatio

87 1597 195 1631 dubia
221 1608 287 1630 nec
316 1609 334 1631 e
363 1599 431 1631 situ
460 1598 525 1631 fuit
560 1597 776 1641 extricanda,
818 1598 911 1630 inter
951 1598 1029 1631 illas
1066 1598 1228 1631 inserere
1269 1601 1304 1630 et
1340 1598 1431 1631 adeo
1460 1608 1562 1631 suum
1595 1598 1721 1640 cuique

87 1661 205 1694 locum
232 1662 348 1705 probe
379 1663 536 1696 tribucre
566 1663 771 1705 poterimus.
825 1661 948 1695 Strata
976 1666 1105 1706 autem,
1135 1673 1287 1705 quorum
1315 1662 1453 1696 fossilia
1482 1662 1601 1705 specie.
1630 1672 1722 1695 non-

90 1725 171 1758 dum
199 1726 287 1759 satis
315 1727 457 1770 cognita
487 1728 746 1770 explorataque
775 1726 984 1771 habeamus,
1013 1727 1058 1760 ad
1087 1730 1207 1760 certas
1237 1727 1410 1769 quasdam
1426 1736 1546 1770 zonas,
1563 1726 1714 1768 quibus-

86 1799 165 1822 cmn
202 1801 338 1834 genera
366 1792 517 1834 plurima
554 1791 755 1824 communia
787 1790 957 1835 habeant,
999 1791 1141 1824 referre
1180 1792 1379 1834 cademque
1415 1791 1544 1824 litteris
1582 1794 1718 1825 tantum

86 1854 281 1888 minoribus
309 1855 463 1900 signare,
492 1866 598 1899 quam
625 1856 666 1889 iis
694 1856 843 1899 propria
870 1856 1011 1889 nomina
1039 1856 1199 1889 tribuere
1227 1856 1423 1889 maluimus.

185 1918 362 1960 Quantum
390 1921 491 1954 1101115
519 1921 704 1964 hucusque
732 1921 889 1953 lustrare
917 1920 1066 1965 licuerit,
1095 1920 1257 1964 praebent
1284 1920 1455 1966 nimirum,
1483 1923 1522 1953 ut
1545 1918 1621 1963 jam
1643 1920 1722 1953 ani—

88 1983 281 2016 madvertit
307 1984 408 2018 divus
436 1985 494 2018 ille
522 1985 694 2030 Linness),
736 1989 876 2018 montes
908 1984 1193 2030 Vestrogothiae:
1227 1985 1455 2029 Kinnekulle,
1488 1984 1720 2030 Mosseberg,

87 2047 305 2093 Hunneberg
344 2050 545 2095 ceterique,
587 2051 891 2094 opportunitatem
934 2050 1101 2092 optimam
1142 2049 1366 2083 discernendi
1401 2052 1436 2082 et
1474 2048 1720 2083 diversitatem

86 2112 274 2145 maximam
313 2116 521 2160 stratorum,
562 2116 691 2158 quibus
731 2113 975 2160 conficiuntur,
1017 2118 1053 2148 01
1080 2114 1250 2159 ordinem,
1292 2124 1397 2157 quem
1424 2113 1544 2147 haecce
1572 2117 1721 2148 servant

169 2263 200 2301 *)
224 2266 276 2293 lter
298 2265 469 2304 vestrogoth.
492 2277 552 2304 pag.
576 2267 624 2295 ⁶20.
