2037 2752
872 157 920 192 III

668 256 779 305 Regio
805 256 832 293 l.
883 255 1118 294 Fucoidarum.

361 357 479 383 Stratum
503 353 622 381 infimum
645 361 659 379 e
683 358 742 380 cote
766 353 834 379 Lixs.
859 352 930 388 Syst.
955 352 1012 379 Nat.
1038 352 1083 379 Ed.
1107 352 1159 379 ΧΠ.
1183 351 1239 393 Vol.
1263 352 1301 379 111.
1325 360 1351 386 p.
1381 351 1424 378 to.

361 412 476 439 Forniat..
501 409 605 436 transit.
630 412 660 441 c)
684 412 768 435 strata
792 409 847 435 saxi
870 408 994 434 arenacoi
1018 408 1072 434 llis.
1096 407 1169 434 Loth.
1194 407 1271 434 Svec.
1295 415 1320 442 p.
1350 407 1413 433 120.

181 495 341 530 Infimum
368 493 521 527 omnium
549 496 674 525 tenens
702 493 828 534 locum,
856 501 922 533 per
949 494 1060 523 totam
1088 490 1165 524 sere
1193 488 1474 534 scandinaviam,
1502 490 1561 523 ubi
1588 493 1704 523 strata

85 559 189 604 hujus
222 559 444 593 formationis
478 557 679 600 antiquiora
711 556 880 599 indagata
906 554 984 598 sint,
1022 555 1232 597 plerumque
1265 557 1303 587 ut
1335 554 1431 587 socia
1466 553 1623 597 regionis
1656 554 1702 597 A)

86 625 269 669 divulgata
297 627 362 657 est.
412 622 575 656 Efficitur
603 631 622 654 e
650 621 772 654 stratis
800 619 926 652 validis
954 619 1029 652 saxi
1056 619 1231 663 {xi-enacei,
1259 619 1293 651 in
1318 618 1470 652 formam
1489 618 1704 652 schistosam

85 693 148 724 aut
174 688 481 732 conglomeratam
506 685 602 719 haud
629 695 713 718 raro
741 683 1008 717 transeuntibus
1037 686 1072 715 et
1100 692 1179 716 cuni
1207 683 1329 716 stratis
1357 683 1569 716 tenuissimis
1593 682 1706 726 argil-

84 753 194 787 laceis
221 752 354 796 passim
381 750 650 785 alternantibus.
702 748 883 791 Reliquias
911 747 1066 780 continet
1096 748 1338 780 tantummodo
1366 748 1568 790 plantarum
1594 747 1707 781 fossi-

85 817 178 861 lium,
219 826 308 859 quas
342 816 387 849 ad
421 814 580 848 ordinem
612 815 785 858 Algarum
817 811 931 845 refert
960 812 1185 856 Brongniart,
1224 809 1325 854 cujus
1352 822 1441 845 vero
1468 812 1612 856 generis
1639 812 1708 845 sint

85 881 143 914 vix
171 880 339 914 extricari
364 882 494 923 potest.

618 1076 727 1124 Regio
754 1076 799 1112 ll.
850 1074 1033 1111 olenorum
1059 1093 1109 1107 =
1136 1076 1173 1111 Α.

281 1173 399 1200 Stratum
423 1173 569 1199 secundum
593 1181 605 1198 e
630 1173 728 1199 schisto
752 1172 818 1198 [ixx.
843 1172 858 1197 l.
883 1182 905 1197 c.
931 1180 955 1206 p.
987 1170 1027 1196 10.

281 1228 399 1255 Stratum
433 1229 525 1255 schisti
559 1227 711 1255 aluminaris
744 1227 836 1254 Wnn„
872 1228 895 1253 in
926 1226 990 1252 Nor.
1016 1228 1071 1252 Act.
1097 1226 1155 1251 Soc.
1182 1226 1242 1262 [ps
1268 1226 1322 1252 Vol.
1347 1226 1409 1253 Vnt.
1434 1236 1459 1262 1¹.
1485 1227 1509 1251 Sl.
1565 1226 1619 1253 ths.
1642 1227 1658 1253 l.
1685 1236 1707 1253 c.

281 1292 307 1319 p.
337 1284 400 1310 119.

185 1368 350 1402 Occurrit
376 1367 501 1400 iisdem
527 1365 605 1400 fere
633 1366 771 1400 Sueciae
799 1365 887 1399 locis
915 1376 955 1399 ac
984 1366 1201 1409 praecedens,
1224 1366 1382 1408 exceptis
1411 1365 1600 1408 provinciis
1621 1375 1709 1408 sep—

87 1433 254 1466 tentrioni
293 1431 538 1475 propioribus3
579 1431 611 1463 in
651 1431 835 1474 Norvegia
875 1430 1036 1463 rarescit.
1103 1430 1252 1463 Constat
1292 1430 1477 1463 maximam
1515 1434 1654 1473 partem
1688 1441 1707 1463 e

87 1497 220 1531 schisto
249 1496 434 1530 aluminari
461 1506 539 1529 cum
567 1496 690 1529 stratis
718 1495 844 1528 validis
872 1495 988 1539 calcis,
1018 1495 1216 1537 praesertim
1243 1494 1475 1538 bituininosae,
1494 1495 1707 1538 alternante,

88 1572 166 1605 quae
194 1571 282 1594 vero
310 1571 473 1604 persaepe
502 1561 632 1605 globos
660 1560 776 1593 solum
804 1559 911 1592 variae
939 1559 1185 1603 magnitudinis
1214 1558 1362 1592 conficit.
1428 1559 1503 1592 Huc
1531 1559 1647 1601 pertin
1672 1562 1709 1591 nt

88 1626 307 1659 nobilissima
333 1626 394 1659 illa
421 1626 587 1668 deposita
615 1625 660 1658 ad
686 1625 900 1667 Andrarum‚
928 1623 1132 1667 Miickleby,
1154 1622 1284 1668 Kallas,
1307 1621 1490 1656 Carlsfors
1508 1623 1708 1668 etLatorp,

89 1690 292 1732 frequentia
320 1701 384 1724 sua
412 1701 453 1723 ac
481 1689 701 1722 multitudine
730 1688 984 1722 Trilobitarum
999 1688 1156 1732 insignia.
1184 1686 1478 1732 Efficituretiam,
1496 1698 1709 1730 quamquam

89 1754 216 1799 rarius,
259 1764 278 1786 e
306 1765 392 1787 saxo
432 1754 702 1798 conglomerate
743 1753 899 1786 calcario
928 1756 962 1785 et
990 1762 1076 1785 saxo
1105 1762 1283 1785 arenaceo
1312 1750 1489 1785 schistoso
1519 1762 1570 1784 ex.
1597 1762 1649 1796 gr.
1676 1752 1710 1784 in

90 1818 264 1851 OElandia.
329 1819 533 1852 Notandum
561 1822 615 1851 est
649 1818 753 1851 etiam
787 1816 1008 1850 anthracilen
1040 1817 1106 1850 hae
1133 1817 1165 1849 in
1192 1827 1283 1850 zona
1311 1816 1405 1850 haud
1432 1826 1516 1850 raro
1544 1816 1710 1862 reperiri,

89 1884 154 1918 sed
180 1893 249 1916 non
280 1886 350 1916 tam
372 1883 529 1927 copiose,
558 1885 596 1915 ut
623 1886 738 1915 strata
766 1882 913 1925 propria
940 1880 1113 1915 conficiat.

186 1948 284 1981 Inter
310 1951 434 1980 cetera
459 1945 565 1990 hujus
593 1947 748 1991 regionis
775 1945 977 1979 Crustacea
1007 1943 1150 1978 Trzloba
1177 1946 1374 1988 praevalent
1401 1942 1709 1989 Leptoplastidce,

91 2010 193 2054 cujus
224 2011 365 2045 familiae
397 2010 538 2054 species
565 2010 793 2044 XX—XXX
820 2011 1004 2044 distinctas
1031 2011 1247 2054 reperimus3
1274 2020 1389 2052 neque
1418 2009 1486 2042 alia
1512 2008 1618 2052 hujus
1647 2019 1712 2042 or-

92 2076 180 2109 dinis
207 2086 342 2120 genera
367 2075 433 2109 nisi
459 2075 668 2109 Paradoxus
699 2075 765 2117 (sp.
793 2075 839 2119 3),
879 2074 1089 2108 Liostracus
1119 2075 1183 2117 (sp.
1211 2075 1258 2119 3),
1293 2078 1328 2107 et
1355 2074 1537 2118 Agnostus
1566 2072 1632 2116 (sp.
1663 2073 1710 2118 5),

95 2140 191 2184 (nam
231 2138 492 2183 Solenopleura
533 2141 599 2183 (sp.
631 2140 665 2183 1)
700 2144 734 2172 et
762 2139 940 2172 Pliomera
968 2139 1033 2182 (sp.
1065 2139 1098 2181 1)
1140 2139 1280 2183 dubiae)⁷
1321 2138 1376 2170 hic
1404 2147 1515 2181 porro
1542 2137 1712 2182 indagata

91 2207 182 2238 sunt.
238 2201 528 2238 ostracodaremz
568 2204 729 2247 quaedam
764 2204 869 2237 etiam
898 2206 1019 2236 extant
1045 2202 1194 2246 species.
1246 2202 1274 2235 Ε
1302 2202 1418 2235 classe
1446 2200 1712 2235 Mollascorum

91 2269 149 2302 vix
186 2269 251 2302 nisi
291 2278 472 2312 perpauca
515 2267 898 2313 Brachionopodommz
926 2277 1071 2312 genera,
1112 2267 1249 2300 numeri
1285 2266 1486 2310 specierum
1514 2266 1712 2312 perexigui.

1591 2331 1616 2350 μ
