2037 2752
1103 188 1153 223 IV

318 292 415 326 Inter
443 288 639 336 Zouphyta
666 301 778 335 genus
810 288 1126 335 Graptolichorum
1153 300 1284 324 novum
1296 288 1330 335 ῆς)
1357 291 1437 325 111110
1464 292 1602 336 regioni
1629 293 1812 336 proprium
1839 292 1944 325 vide-

322 361 387 401 tur,
415 357 470 390 cui
497 365 626 389 nomen
654 354 916 400 Phyllograpta
944 366 964 389 a
992 355 1093 389 nobis
1120 355 1265 388 inditum
1293 358 1356 388 est.

776 501 885 550 Regio
912 502 974 539 111.
1025 501 1345 551 Gonocorypharum
1373 523 1420 535 =
1446 506 1480 540 Β.

415 593 618 638 Hucusque,
647 596 685 626 ut
712 602 822 636 supra
849 591 1055 636 monuimus,
1083 602 1152 625 non
1180 591 1245 625 nisi
1272 591 1317 625 ad
1344 592 1546 626 Andrarum
1566 592 1703 627 Scaniae
1725 593 1807 626 etin
1826 593 1942 627 insula

317 657 514 691 Bornholm
541 669 561 691 a
589 657 691 691 nobis
718 661 875 701 reperta.
940 656 1148 699 Composita
1175 660 1256 690 sunt
1284 655 1362 699 ejus
1390 661 1503 691 strata
1531 668 1550 691 e
1578 658 1677 691 calce
1705 658 1945 703 nigrescente.

316 724 351 756 in
383 723 689 767 conglomeratum
723 732 819 765 saepe
856 722 1010 755 abeunte
1044 725 1079 754 et
1114 731 1132 754 e
1165 720 1298 754 schisto
1327 721 1520 767 aluminari,
1562 722 1621 765 qui
1648 722 1774 755 eadem
1800 722 1941 756 ratione

318 797 360 821 ac
388 787 547 830 proxime
575 787 784 830 praecedens
811 787 923 830 regio,
965 784 1067 828 cujus
1095 785 1128 818 in
1156 785 1334 819 vicinitate
1363 796 1505 829 quoque
1534 786 1821 832 deprehenditur,
1863 787 1942 820 cal-

318 861 394 885 cem
426 852 677 885 bituminosam
709 852 900 884 immixtam
935 850 1100 883 continet.
1166 850 1443 883 Crustaceorum
1470 851 1552 884 item
1580 851 1810 885 'l'riloborum
1838 851 1942 885 ditis-

317 918 405 950 sima
433 920 497 961 est,
525 916 747 949 multitudine
777 919 895 949 autem
922 924 1094 959 generum
1121 914 1170 947 illi
1197 915 1302 958 longe
1331 915 1558 948 antecellens.
1597 916 1653 948 Ab
1681 916 1740 950 illa
1756 920 1875 949 tamen
1897 926 1941 950 eo

317 981 553 1026 distinguitur,
595 981 691 1024 quod
729 983 805 1013 tota
838 979 970 1013 familia
996 979 1349 1022 Leptoplastidarum
1378 979 1495 1023 deest;
1535 984 1713 1022 praeterea
1740 980 1849 1014 fauna
1876 991 1941 1015 sua

317 1047 465 1090 propria
503 1049 539 1079 ct
576 1046 716 1079 omnino
755 1046 900 1078 diversa
937 1044 1080 1088 gaudet.
1140 1043 1294 1076 Primum
1330 1043 1363 1076 in
1395 1043 1462 1077 hac
1495 1045 1641 1088 regione
1669 1045 1771 1078 nobis
1801 1048 1941 1078 exstant

316 1122 453 1156 genera
485 1109 763 1143 Trilobitmwm:
806 1109 1069 1151 Centropleura
1098 1108 1164 1151 (sp.
1193 1109 1241 1153 2),
1281 1108 1457 1151 Harpides
1487 1108 1551 1151 (sp.
1579 1109 1627 1153 2),
1669 1108 1940 1153 symphysurus

318 1176 384 1219 (sp.
414 1178 459 1221 1),
489 1174 747 1220 Ceratopyge‘?
774 1179 841 1218 (sp.
871 1176 916 1219 1),
947 1172 1210 1216 Conocoryphe
1240 1172 1305 1216 (sp.
1333 1173 1380 1218 3),
1408 1173 1662 1206 Aneucanthus
1692 1173 1757 1217 (sp.
1776 1174 1822 1219 1),
1849 1174 1941 1218 Elyx

317 1246 386 1284 (sp.
416 1241 463 1285 1),
503 1240 732 1274 Anoinocare
770 1240 836 1283 (sp.
870 1240 918 1283 7),
960 1238 1222 1281 Solenopleura
1261 1237 1326 1280 (sp.
1353 1239 1402 1282 [1),
1443 1237 1759 1281 Dolichoinetopus
1797 1238 1864 1283 (sp.
1893 1240 1941 1283 2).

316 1306 457 1339 Adsunt
484 1315 627 1348 quoque
655 1305 864 1338 Paradoxus
894 1304 959 1346 (sp.
974 1304 1023 1348 [1),
1053 1302 1236 1346 Agnostus
1265 1302 1331 1345 (sp.
1348 1302 1418 1346 10).
1469 1301 1521 1334 Ex
1550 1298 1771 1334 Ostracoclzfs
1798 1303 1940 1346 species

316 1371 435 1404 variae.
488 1369 585 1403 Inter
612 1368 798 1402 Mollnsea
825 1369 1000 1402 accedunt
1027 1367 1195 1400 nonnulla
1222 1377 1356 1411 genera
1383 1364 1770 1411 Braelze'onopmlorum
1789 1377 1938 1401 numero

316 1435 518 1478 specierum
547 1435 657 1468 minus
686 1434 918 1476 abundantia3
946 1433 1129 1466 rarissima
1156 1435 1237 1465 sunt
1267 1429 1525 1476 Cephalopoda
1541 1433 1577 1464 et
1593 1428 1814 1476 Pteropoda.
1841 1433 1940 1466 Inter

318 1498 513 1546 Zonplzyta
539 1510 609 1533 non
637 1500 701 1533 nisi
730 1496 957 1543 Graptoliclei
985 1501 1021 1531 et
1049 1498 1190 1540 quidem
1217 1496 1398 1530 rarissime
1427 1499 1629 1529 occurrunt.

770 1656 880 1703 Regio
908 1655 963 1691 lv.
1015 1655 1303 1702 Geratopygarum
1329 1671 1377 1685 =
1402 1655 1428 1689 B
1445 1653 1480 1689 C.

413 1746 560 1788 Aliquot
599 1746 844 1779 tantummodo
885 1745 973 1778 locis
1013 1744 1186 1777 hactenus
1226 1743 1401 1786 indagata,
1443 1751 1494 1774 ex.
1522 1752 1573 1786 gr.
1601 1742 1633 1775 in
1667 1742 1852 1787 Norvegia
1894 1741 1939 1774 ad

319 1811 429 1854 (lpslo
458 1814 493 1844 et
520 1811 552 1843 in
581 1814 700 1844 monte
728 1810 945 1853 Hunnebei·g
971 1806 1248 1853 Vestrogothiae.
1301 1806 1499 1840 Comitatur
1522 1807 1691 1840 schistmn
1708 1807 1939 1840 aluminarem

318 1876 474 1921 regionis
513 1876 571 1919 Α),
612 1876 666 1909 cui
705 1885 848 1917 quoque
885 1874 1087 1907 immediate
1126 1872 1291 1915 imposita
1317 1871 1497 1914 reperitur
1524 1881 1637 1914 prope
1664 1871 1879 1904 Munkesten
1905 1871 1939 1903 in

317 1944 435 1974 monte
459 1939 535 1983 jam
563 1943 773 1973 memorato,
827 1938 950 1972 Strata
978 1937 1083 1981 hujus
1111 1946 1210 1969 zonae
1238 1947 1257 1970 e
1285 1935 1416 1970 schisto
1445 1945 1587 1978 quoque
1616 1936 1939 1969 aluminaricalce-

317 2016 385 2048 que
413 2006 640 2050 nigrescente
669 2006 842 2037 coustant.
883 2003 1104 2046 Quamquam
1132 2011 1258 2045 parum
1285 2000 1400 2034 adhuc
1427 2000 1611 2043 disquisita
1640 2004 1694 2034 est
1722 2000 1797 2033 haec
1824 2001 1937 2044 regio,

400 2163 429 2199 *)
465 2165 500 2191 lta
523 2165 592 2191 enim
616 2164 706 2200 potins
731 2164 940 2199 interpretamur
964 2162 1036 2197 quod
1060 2162 1183 2196 llisinger
1206 2160 1278 2187 Letli.
1303 2159 1389 2195 suppl.
1413 2160 1429 2185 1.
1463 2168 1489 2195 p.
1513 2159 1538 2185 5.
1573 2163 1591 2185 t.
1616 2158 1748 2185 XXXVIII.
1772 2164 1800 2186 nt
1822 2160 1937 2195 plantam

316 2214 599 2250 monorotyledoneam
633 2214 720 2246 affert,
755 2217 782 2240 et
814 2214 948 2240 Eichwald
974 2213 999 2239 111
1032 2210 1168 2247 ”Beitrfige
1193 2220 1241 2238 zur
1264 2211 1387 2238 Kentniss
1412 2210 1435 2236 11.
1458 2209 1620 2236 Russisclien
1644 2209 1732 2236 ReicIi.
1756 2218 1805 2237 von
1829 2210 1887 2236 Bwr
1911 2218 1936 2235 11.

318 2265 474 2291 Helmersen
496 2264 522 2290 B.
549 2265 574 2290 a.
609 2274 633 2300 1».
660 2264 788 2290 ·'15—57.
823 2263 876 2290 1111.
908 2264 928 2289 I.
963 2263 979 2289 s.
1006 2260 1047 2289 ss.”
1081 2261 1130 2289 sub
1153 2263 1258 2289 nomine
1283 2261 1421 2297 Gorgoniae
1444 2258 1632 2287 flabellisorinis
1657 2260 1785 2293 distinxit,
1810 2259 1937 2295 quodque

316 2314 358 2340 alii
380 2314 412 2341 ad
436 2314 559 2349 Algarum
583 2314 705 2341 ordinem
729 2314 841 2341 ducunt.
