2037 2752
1083 216 1134 250 VI

288 317 496 351 Proeedunt
531 317 674 360 quidem
705 318 762 352 hic
797 329 934 363 genera
974 319 1162 360 complura
1200 316 1474 365 Zoopleytorum
1503 329 1556 353 ex.
1583 330 1636 364 gr.
1674 321 1926 366 Calamoporae

289 386 326 416 et
353 382 599 428 Cyatophylli‚
628 393 781 426 quorum
821 383 962 427 species
1002 383 1156 425 sparsim
1184 386 1220 416 et
1245 385 1432 430 gregatim,
1477 382 1795 429 Graptolz'chornm
1834 395 1925 420 vero

287 447 472 482 rarissime
500 447 704 481 obveniunt.

783 586 895 634 Regio
921 586 971 623 vl.
1024 585 1287 624 Trinucleorum
1313 605 1364 618 =
1389 589 1428 624 D.

485 668 605 696 Stratum
629 673 755 704 quartum
779 676 792 694 e
816 668 927 695 schisto.
971 668 1040 696 Lm.
1065 669 1080 696 l.
1104 678 1127 696 c.
1151 678 1177 704 p.
1205 669 1248 696 10.

485 720 600 746 Format.
624 720 774 746 transition.
798 719 823 746 l).
847 724 931 747 strata
954 720 1046 747 sehisti
1069 720 1214 756 argillaeei¹
1260 720 1315 747 His.
1339 728 1365 755 p.
1394 720 1458 747 119.
1481 729 1520 747 ex.
1545 727 1614 759 part.

384 796 461 830 Huc
488 794 612 829 refero
640 796 805 839 deposita
831 797 933 830 varia
959 797 1130 840 imprimis
1151 797 1274 831 schisti
1289 797 1479 842 margaeei,
1496 808 1575 841 (111ae
1595 798 1653 831 vix
1668 801 1784 832 strata
1803 799 1928 833 ealea-

287 860 341 894 ria
367 861 526 905 propria,
554 861 750 903 saepissime
777 862 885 895 modo
913 862 1050 906 glaebas
1077 862 1307 895 lenticulares
1335 862 1443 895 calcis
1471 862 1602 895 silieeae
1629 863 1821 896 includunt.
1850 862 1929 897 Ob-

287 925 434 958 veniunt
460 925 662 968 praesertim
689 926 724 959 in
751 924 895 971 scania,
937 927 969 959 in
998 927 1115 960 insula
1141 925 1348 971 Bornholm,
1388 927 1422 959 in
1458 927 1719 972 Vestrogothia
1747 928 1928 971 variisque

286 990 482 1034 Norvegiae
508 990 614 1034 locis3
644 990 732 1024 Cum
749 1001 837 1024 vero
853 991 1023 1034 reliquias
1040 1002 1166 1025 eorum
1184 991 1373 1035 organicas
1388 1002 1515 1034 parum
1529 990 1703 1025 hactenus
1720 993 1929 1036 exploratas

288 1057 324 1088 et
339 1064 407 1087 non
430 1054 517 1088 satis
546 1054 737 1099 diligenter
764 1059 995 1099 comparatas
1023 1054 1231 1100 habeamus,
1247 1056 1280 1088 in
1298 1056 1467 1099 praesenti
1482 1066 1548 1099 pro
1564 1060 1665 1090 certo
1681 1060 1843 1090 statuere
1858 1067 1930 1090 non

287 1129 490 1164 possumus,
520 1122 639 1152 utrum
666 1123 782 1153 strata
809 1120 939 1165 haecce,
956 1130 1035 1163 quae
1049 1120 1219 1163 imprimis
1236 1131 1364 1166 magna
1380 1121 1665 1167 Trinucleorum,
1682 1121 1928 1165 Ampycorum

287 1184 672 1227 Graptolithorumque
713 1185 816 1228 eopia
844 1188 996 1229 scatent,
1034 1185 1173 1218 unicam
1202 1186 1445 1219 {antummodo
1473 1186 1692 1220 constituant
1732 1187 1928 1232 regionem,

286 1259 331 1282 an
360 1249 479 1292 potius
506 1249 539 1282 in
568 1249 690 1292 plures
718 1250 874 1283 minores
903 1248 1128 1293 sejungenda
1155 1251 1232 1284 sint.
1258 1249 1382 1284 Strata
1410 1260 1490 1284 cum
1516 1251 1645 1285 litteris
1672 1251 1749 1295 Da)
1779 1251 1928 1296 signata,

286 1323 365 1356 (111ae
392 1313 600 1347 inferiorem
630 1318 754 1347 tenere
771 1314 937 1347 videntur
964 1315 1092 1355 locum,
1121 1315 1321 1358 praesertim
1348 1315 1381 1348 in
1409 1315 1671 1360 Vestrogothia
1693 1319 1728 1349 et
1743 1316 1930 1360 Norvegia

286 1380 369 1411 sunt
407 1378 587 1423 indagata,
629 1379 757 1421 quibus
797 1379 885 1412 locis
927 1379 1126 1413 eommunia
1164 1379 1332 1422 Asaphus
1360 1380 1558 1425 glabratus,
1598 1380 1741 1424 Ampyx
1767 1384 1931 1414 costatus

285 1445 322 1476 et
349 1446 416 1476 eet.
445 1443 621 1477 videntur.
659 1444 716 1478 Ad
745 1454 797 1488 ea,
827 1453 905 1487 quae
933 1445 1160 1487 superiorem
1188 1444 1348 1477 obtinent
1374 1445 1493 1477 locum
1521 1447 1556 1477 et
1583 1454 1662 1477 cum
1690 1444 1819 1478 litteris
1845 1444 1930 1488 Db)

285 1510 411 1541 notata
444 1512 536 1554 sunt,
577 1509 747 1552 imprimis
774 1509 807 1541 in
835 1508 1063 1554 M'osseberg,
1106 1508 1279 1554 Olleberg
1308 1512 1343 1542 et
1368 1509 1544 1553 Billingen
1572 1509 1722 1552 aliisque
1750 1508 1930 1542 montibus

284 1573 557 1617 Vestrogothiae
573 1575 690 1607 aditus
706 1574 808 1607 nobis
823 1577 933 1616 patet.
968 1572 1082 1616 Hujus
1111 1584 1254 1617 quoque
1276 1574 1345 1607 loci
1369 1574 1513 1607 videtur
1534 1572 1688 1606 sehistus
1714 1573 1930 1617 argillaceus

284 1638 503 1683 nigrescens,
545 1639 676 1682 quique
718 1639 763 1671 ad
799 1639 943 1683 Dragga
981 1638 1135 1681 alibique
1163 1639 1195 1671 in
1222 1638 1426 1672 Dalecarlia
1453 1637 1644 1681 reperitur.
1706 1637 1743 1670 In
1771 1637 1839 1671 hae
1866 1648 1931 1671 re-

283 1702 389 1747 gione
417 1703 569 1746 primum
595 1703 629 1736 iu
656 1707 890 1746 conspectum
928 1704 1074 1736 veniunt,
1113 1712 1248 1747 genera
1292 1701 1571 1736 Trilobitarnm:
1612 1702 1757 1746 AEglina
1785 1702 1853 1745 (sp.
1883 1702 1929 1746 1),

286 1767 430 1812 Ogygia
458 1767 524 1811 (sp.
552 1768 600 1812 3),
641 1767 830 1811 Acidaspis
861 1768 928 1811 (sp.
957 1768 1005 1812 2),
1047 1767 1230 1811 Telephus
1259 1768 1325 1811 (sp.
1353 1768 1400 1812 3),
1436 1766 1756 1810 Sphaerometopus
1786 1768 1853 1809 (sp.
1884 1766 1930 1810 1),

284 1831 435 1866 Dionide
465 1831 754 1876 (Polytomurus)
786 1832 851 1875 (sp.
881 1833 928 1878 1),
956 1831 1259 1876 Rhaphiophorus
1288 1832 1355 1876 (sp.
1382 1832 1430 1876 6).
1482 1832 1534 1866 De
1563 1836 1688 1866 cetero
1717 1830 1930 1864 etiamnunc

286 1896 455 1940 Asaphus
498 1898 564 1941 (sp.
593 1897 640 1941 2),
682 1896 896 1931 Trinucleus
925 1901 993 1941 (sp.
1021 1897 1070 1942 6),
1111 1896 1253 1940 Ampyx
1294 1896 1360 1940 (sp.
1389 1897 1437 1942 3),
1477 1896 1755 1930 Lonchodomas
1784 1894 1851 1938 (sp.
1881 1893 1929 1938 5),

286 1961 501 2004 Phaeopidae
529 1960 595 2005 (sp.
625 1960 672 2005 5),
714 1960 998 2005 Cyrtometopus
1027 1962 1094 2006 (sp.
1123 1962 1170 2007 3),
1211 1960 1366 1995 Lichidae
1400 1964 1466 2005 (sp.
1496 1960 1543 2006 5),
1584 1960 1865 2005 Brachypleura
1894 1964 1931 1993 et

287 2025 501 2069 Amphitryo
519 2025 586 2069 (sp.
600 2025 648 2069 3),
666 2024 950 2070 Corynexochus
967 2026 1032 2071 (sp.
1050 2027 1097 2071 2),
1127 2026 1264 2070 Cybele
1292 2026 1358 2070 (sp.
1376 2024 1421 2069 1),
1450 2024 1628 2069 Rhodope
1644 2026 1710 2070 (sp.
1728 2026 1774 2071 1),
1802 2025 1931 2070 Agno—

288 2094 365 2123 slus
395 2090 460 2133 (sp.
492 2090 538 2134 1),
567 2093 717 2123 exstant.
769 2090 950 2124 Numerus
976 2088 1262 2124 Ostraeodm‘mn
1287 2093 1412 2123 auctus
1429 2089 1656 2123 observatur.
1690 2089 1741 2123 Ex
1756 2088 1930 2135 Cephalo-

286 2153 411 2199 podis,
452 2152 720 2199 Gasteropodz's
758 2159 793 2187 et,
829 2154 1061 2199 Conehiferz's
1096 2155 1191 2188 haud
1229 2164 1361 2198 paucas
1399 2154 1604 2187 numerabis
1641 2154 1781 2197 species
1821 2158 1930 2197 atque

288 2219 368 2262 ipsa
397 2216 704 2264 Brachionopoda
732 2220 789 2252 vix
816 2231 965 2253 numero
988 2221 1199 2253 minuuntur.
1226 2220 1323 2253 Inter
1346 2216 1512 2251 Radiata
1527 2221 1717 2252 rarescunt
1735 2218 1929 2264 Cystez'dce.

289 2283 338 2316 At
363 2283 458 2316 inter
483 2282 690 2329 Zoopleyta,
731 2285 888 2328 alioquin
915 2284 1011 2318 haud
1037 2295 1239 2330 numerosa,
1278 2281 1502 2328 Graptolitln·
1527 2283 1660 2326 passim
1687 2283 1814 2317 mirum
1842 2294 1929 2317 sane

290 2347 324 2380 in
350 2348 494 2381 modum
522 2348 712 2383 abundant.
