2037 2752
1095 155 1127 190 II

294 260 364 294 situ
404 259 545 293 omnino
583 259 813 305 horizontali,
854 267 967 302 quare
1006 257 1113 290 eliam
1153 258 1334 291 sectiones
1366 256 1496 292 horum
1528 258 1699 292 montium
1731 259 1929 293 vertieales

294 325 401 360 saotae
428 327 519 370 sunt,
546 327 585 357 ut
612 327 735 358 essent
760 324 862 358 nobis
890 326 991 356 certa
1019 321 1213 365 primordia
1240 321 1496 369 dispositionis,
1525 326 1635 366 utque
1663 326 1808 366 pateret
1835 324 1927 357 ordo

295 390 354 424 ille
382 389 592 423 manifestus
619 389 831 431 minimeque
865 387 1009 431 dubius,
1051 395 1157 428 quem
1184 385 1286 428 sequi
1312 391 1455 423 constat
1480 388 1670 422 maximam
1697 391 1839 431 partem
1864 398 1934 422 re-

296 455 440 500 gionum
466 454 500 488 in
528 454 713 487 territorio
740 456 865 487 nostro
894 451 1233 497 distinguendarum.

915 556 1091 595 Sectiones
1117 560 1312 598 verticales.

577 645 755 683 Kinnekune,
1034 646 1205 686 Μῦεεείιενὲ,
1527 646 1692 683 flnnneberg
1698 666 1708 682 ,

546 705 558 721 e
576 695 648 720 latere
668 694 786 720 occidem-
1001 706 1014 721 e
1032 697 1104 722 latere
1122 698 1239 722 occident.
1496 706 1508 721 e
1526 696 1599 721 latere
1619 694 1738 720 occident.

613 779 697 817 Saxa
723 778 919 829 eruptionis
945 780 1111 829 reliquias
1139 782 1323 830 organicas

938 910 957 929 „
1012 882 1233 929 Harparum.

939 974 958 993 ⁷⁷
1016 945 1269 983 Trimleornm.
1511 942 1580 969 non
1607 929 1833 968 continentia.

939 1039 959 1058 „
1012 1012 1252 1059 Asaphorum.
1422 1034 1933 1041 ᾐ-μ-

1521 1089 1541 1108 „
1598 1062 1926 1108 Cercctopyqarum.

353 1159 373 1178 „
446 1128 653 1163 Olenornm.
1522 1153 1541 1172 ‚,
1599 1126 1802 1163 Olenorum.

352 1223 372 1242 „
443 1194 702 1229 Fucoz'darum.

300 886 413 931 Regio
441 883 664 929 Harparum.

349 977 369 996 „
445 946 701 981 Trincleorum.

351 1042 370 1061 „
442 1012 686 1059 Asapleorum.

401 1297 461 1331 Ad
487 1305 577 1339 quas
600 1293 677 1338 jam
704 1294 832 1327 citatas
861 1293 1039 1327 accedunt
1065 1296 1243 1336 praeterea
1270 1294 1349 1327 dnae
1376 1302 1479 1336 aequo
1503 1291 1588 1335 jure
1617 1291 1877 1337 distinguendae
1904 1293 1942 1324 et

305 1362 437 1396 ceteris
478 1358 755 1395 adnumeraudae
794 1359 978 1403 regiones,
1017 1368 1124 1400 quum
1151 1358 1309 1400 reliqniis
1337 1358 1410 1391 suis
1439 1358 1617 1401 organicis
1645 1368 1716 1391 non
1743 1357 1857 1391 miuus
1884 1356 1943 1389 in-

306 1428 427 1472 sigues
455 1436 496 1459 ao
524 1425 678 1458 diversae
705 1424 782 1468 sint,
821 1434 972 1466 quarum
1000 1423 1116 1456 altera
1142 1433 1194 1455 ex.
1222 1432 1274 1467 gr.
1327 1422 1580 1456 Gothlandiam
1606 1426 1719 1456 totam
1746 1420 1942 1466 constituit,

307 1492 423 1526 altera
449 1491 483 1523 in
510 1489 640 1524 Scania
667 1492 702 1522 et
729 1489 844 1522 insula
871 1488 1068 1521 Bornholm
1088 1486 1261 1521 hactenus
1282 1488 1397 1521 solum
1417 1488 1518 1521 nobis
1544 1488 1653 1521 obvia
1667 1487 1743 1521 fuit.
1771 1486 1942 1531 Ideoque,

307 1559 491 1600 quamtum
531 1554 787 1598 comperimus,
828 1553 955 1587 confici
986 1553 1130 1586 videtur
1171 1553 1391 1585 territorium
1430 1555 1593 1585 nostrum
1633 1563 1676 1585 ex
1703 1551 1788 1585 VIII
1814 1551 1946 1584 saltem

308 1621 423 1666 probe
452 1619 708 1663 distinguendis
736 1618 952 1663 regionibus.
1004 1618 1050 1652 Ut
1076 1626 1165 1650 vero
1194 1618 1293 1662 ordo,
1322 1627 1429 1660 quem
1456 1620 1613 1661 teneant,
1641 1616 1781 1650 facilius
1808 1614 1948 1648 intelli-

309 1689 427 1731 gatur,
455 1683 535 1718 heic
563 1694 686 1717 omnes
715 1694 784 1716 uno
813 1687 1011 1726 conspectu
1039 1692 1218 1726 exponere
1246 1682 1374 1725 placet.

654 1769 768 1814 Regio
796 1768 890 1802 VIII.
945 1768 1275 1811 Cryptonymorum
1303 1765 1629 1810 (Encrinurorum)
1657 1782 1706 1794 =
1733 1764 1769 1800 E.

703 1860 722 1879 7,
800 1833 876 1867 VII.
929 1833 1132 1876 Harparum
1158 1848 1211 1861 Ξ
1234 1830 1262 1865 D
1277 1831 1313 1865 E.

705 1925 724 1944 „
802 1898 861 1932 VI.
915 1898 1189 1931 T1·inucleorum
1215 1912 1264 1925 =
1289 1895 1328 1930 D.

705 1989 724 2008 „
801 1963 845 1997 V.
896 1963 1127 2006 Asaphorum
1152 1977 1201 1989 =
1228 1958 1263 1994 C.

706 2054 725 2074 „
802 2028 862 2061 IV.
916 2027 1229 2071 Cei-atopygarum
1255 2041 1304 2055 =
1329 2022 1407 2059 BC.

708 2119 727 2138 7,
806 2093 864 2127 III.
919 2091 1267 2135 Conocorypharum
1294 2105 1343 2119 =
1368 2088 1406 2123 B.

708 2184 728 2203 ,7
805 2158 846 2191 II.
900 2156 1097 2191 Oleuorum
1123 2171 1173 2184 =
1198 2153 1236 2188 A.

709 2249 728 2268 „
807 2222 832 2256 I.
884 2222 1135 2256 Fucoidarum.
