2037 2752
867 182 919 216 IX

86 282 332 327 magnitudinis
362 282 633 325 (feracissimum
660 282 749 315 enim
776 281 842 315 fuit
869 287 949 316 tunc
980 284 1150 326 temporis
1176 285 1301 329 mare),
1340 290 1521 331 congesta⁷
1549 296 1614 329 per
1640 286 1696 319 in-

86 351 190 392 tegra
216 347 331 381 stadia
358 357 439 380 sese
467 346 668 379 extendunt..
735 347 947 391 (longeriem
974 348 1107 381 hancce
1134 358 1200 391 per
1226 349 1332 382 litora
1360 349 1580 384 Gothlandiae
1607 360 1697 383 con-

89 412 273 455 templanti
299 414 398 443 certe
425 411 457 442 in
484 414 636 443 mentem
664 411 781 444 veniat
809 415 928 444 strues
955 412 1014 445 illa
1041 413 1279 456 coralliorum,
1308 423 1412 455 quam
1440 424 1530 446 nunc
1557 424 1622 456 per
1641 415 1697 447 in-

87 476 183 509 sulas
212 475 426 509 admiramur
452 474 588 507 Indicas
601 474 647 517 ²¹³).
710 475 864 508 Easdem
895 476 991 518 ipsas
1018 477 1246 510 coralliorum
1273 487 1391 521 rupes,
1433 479 1514 511 olim
1541 480 1696 523 aestibus,

86 540 143 582 qui
182 550 243 573 eas
279 539 409 584 genuit,
451 538 574 572 oceani
610 539 801 583 expositas,
843 539 948 572 etiam
985 550 1075 573 nunc
1108 540 1272 574 fluctibus
1301 540 1463 584 objectas
1491 543 1557 576 sub
1586 545 1695 577 oculis

83 603 201 648 habet,
229 604 293 637 sed
322 604 428 637 maris
455 612 604 646 prorsus
633 602 736 635 alieni
764 606 799 635 et
828 603 965 636 minime
993 605 1195 638 coralliferi.

178 667 232 700 Ex
258 666 310 701 his
333 666 406 710 jam
435 667 551 700 allatis
578 666 652 699 sine
680 667 751 700 ulla
778 666 996 701 dubitatione
1025 672 1185 702 statuere
1214 679 1412 714 pOSSllmuS‚
1446 670 1696 705 formationem

84 731 298 765 transitionis
327 731 601 775 scandinavieae‚
630 729 731 773 cujus
760 731 924 773 deposita
951 742 1040 774 opus
1068 733 1259 766 multorum
1286 736 1498 768 saeculorum
1509 735 1593 779 jure
1608 746 1696 769 cen-

82 796 155 830 seri
189 796 329 841 debent,
369 796 402 828 in
440 795 577 838 multas,
618 795 651 827 ni
685 793 791 827 fallor
818 795 850 827 in
878 796 910 839 S,
951 795 980 828 si
1007 794 1114 829 fidem
1140 796 1297 830 habeant
1323 799 1481 843 reliquiae
1509 801 1695 845 organicae,

82 870 183 903 aeque
211 860 302 892 bene
331 859 616 901 circumscriptas
644 858 742 891 abire
770 859 936 902 regiones
963 860 1164 905 verticales,
1194 863 1358 903 quoniam
1386 864 1529 908 singulis
1550 865 1697 909 singulae

83 926 167 957 sunt.
193 926 301 956 certae
328 927 363 956 et.
390 923 590 967 peculiares
618 922 779 955 faunulae.
831 922 998 964 Quamvis
1027 924 1143 957 obiter
1170 928 1315 971 tantum,
1332 929 1510 969 quomodo
1526 928 1697 963 innostra

81 992 181 1021 terra
210 997 277 1030 per
304 988 460 1031 singulas
488 987 653 1030 regiones
681 986 877 1019 distributae
904 988 973 1020 sint
999 989 1193 1033 Trilobitae,
1224 991 1494 1037 ostenderimus,
1517 996 1551 1025 et
1567 1003 1697 1036 quam-

82 1052 134 1086 vis
162 1052 337 1084 nonnullae
363 1056 495 1085 nostrae
522 1060 620 1083 zonae
647 1061 698 1083 ex.
727 1061 779 1096 gr.
808 1051 1012 1097 Olenorum,
1054 1052 1375 1100 Ceratopygarum,
1404 1056 1632 1100 Asaphorum
1661 1062 1693 1090 et

81 1116 409 1160 Cryptonymorum
437 1116 512 1149 aliis
540 1116 637 1160 locis,
664 1119 703 1148 ut
729 1116 761 1148 in
789 1115 1024 1160 Bohemiassss)
1051 1117 1190 1151 omnino
1206 1119 1465 1165 desiderentur,
1483 1121 1559 1154 aliae
1576 1124 1695 1155 autem

81 1181 263 1225 accedant,
291 1183 408 1214 tamen
435 1181 561 1223 cuique
590 1180 759 1224 ordinem,
788 1190 858 1222 quo
886 1190 1021 1224 genera
1049 1181 1303 1216 Trilobitarum
1331 1182 1436 1226 hujus
1461 1188 1567 1218 terrae
1583 1187 1695 1219 exsti—

82 1245 201 1289 terint>
230 1245 431 1278 accuratius
459 1245 654 1278 attendenti
681 1245 879 1277 luculenter
906 1249 1068 1290 apparet⁷
1108 1246 1232 1280 miram
1260 1249 1436 1290 quandam
1464 1259 1543 1282 esse
1572 1249 1696 1282 simili-

81 1309 236 1342 tudinem
263 1311 299 1342 et
326 1318 536 1342 consensum
565 1309 817 1342 formationum
845 1310 1063 1343 transitionis
1090 1310 1291 1344 Bohemicae
1319 1316 1354 1345 et
1380 1311 1656 1346 Scandinavicae.

177 1373 278 1414 Quod
304 1372 371 1405 hoc
398 1373 477 1406 loco
506 1373 549 1406 de
578 1373 761 1406 'I'rilobitis
789 1374 919 1407 dictum
948 1377 1011 1418 est,
1044 1372 1139 1407 idem
1166 1375 1281 1420 etiam⁷
1315 1380 1484 1419 quantum
1511 1379 1696 1421 comperi-

79 1447 166 1482 mus,
195 1437 237 1470 de
266 1437 394 1470 ceteris
423 1437 619 1471 animalium
650 1438 830 1471 ordinibus
858 1438 964 1471 valet.
1018 1438 1245 1473 Differentias
1273 1443 1390 1473 autem
1406 1440 1577 1484 cujusque
1593 1452 1694 1475 zonae

80 1500 260 1543 copiosius
287 1504 444 1534 tractare
473 1506 508 1534 et
535 1502 665 1536 tabulis
694 1502 913 1546 quibusdam,
954 1501 1126 1536 fasciculo
1160 1504 1278 1546 operis
1312 1505 1418 1537 tertio
1446 1504 1687 1551 adjungendis⁷

82 1565 282 1598 accuratius
310 1575 488 1608 exponere
516 1566 616 1599 nobis
644 1566 677 1599 in
705 1566 819 1599 animo
848 1570 911 1599 est.

163 1720 192 1756 ³⁸)
216 1722 284 1748 Lixx.
308 1722 429 1749 Amtenit.
453 1723 532 1749 Acad.
557 1721 613 1748 Vol.
638 1722 654 1747 1.
679 1730 704 1757 p.
730 1722 777 1748 ssss.

148 1770 194 1805 **)
219 1772 367 1798 Boliemiam
391 1772 543 1807 pra¹sertiui
566 1772 713 1805 citavimus⁷
738 1772 814 1807 cujus
839 1772 961 1800 formatio
985 1773 1149 1800 transitionis
1172 1774 1262 1801 studio
1289 1774 1491 1810 diligentissimo
1514 1778 1592 1809 atque
1615 1783 1695 1809 opera

82 1822 114 1849 el.
140 1823 294 1854 Bnnmxnm,
313 1822 368 1856 jam
390 1822 507 1849 omnium
531 1823 630 1858 optime
654 1822 760 1858 cognita
783 1826 811 1848 et
833 1822 974 1858 disquisita
998 1824 1040 1849 sit.
